@ARTICLE{Firstman:2014,
  author = {Firstman, J. and Secondman, B. C.},
  title = {{An Approach for This and That}},
  journal = {Journal of Something},
  year = {2014},
  volume = {125},
  pages = {1231--1238},
  note = {{ISSN:} 9-9-9-9-9-9},
  language = {english},
  }
 
@INPROCEEDINGS{Firstman:2013,
  author = {Firstman, J. and Secondman, B. C. and Thirdman, A. C.},
  title = {{Ongoing Research for This and That}},
  booktitle = {Proceedings of the
    4$^{\textrm th}$ International Conference on This and That (ICTT)
    July 12--14, 2013, Somecity, Somecountry},
  publisher = {Worldwide Publisher},
  year = {2013},
  month = JUL,
  pages = {1231--1238},
  note = {{Edwards, C. U., Ed.}, {ISBN:} 9-9-9-9-9-9, {ISSN:} 99-99-99-99-99,
    {URL:} \url{http://www.someworldwideindex.org/} [accessed: 2014-01-01]
    },
  language = {english},
  }

@MISC{Fubtutorial:2014,
  key = {{somewebpage}},
  title = {{Some Webpage}},
  year = {2014},
  note = {
    {URL:} \url{http://www.somewebpage.org/} [accessed: 2014-01-02]
    },
  language = {english},
  }

@BOOK{Bookman:2014,
  editor = {Bookman, C. U.},
  title = {{Some Book about This and That}},
  publisher = {The Somebook Publisher Inc., Somewhere},
  year = {2014},
  month = JAN,
  note = {{ISBN:} 978-99-99-99-99-9},
  language = {english},
  }

@INBOOK{Chapman:2014:Starting,
  author = {Chapman, R. and Chapman Jr., S. A.},
  title = {Starting with This and That},
  booktitle = {{Some Book about This and That}},
  publisher = {The Somebook Publisher Inc., Somewhere},
  crossref = {Bookman:2014:Somebook},
  year = {2014},
  month = JAN,
  note = {
    Chapter 1, pp. 1--14,
    in Bookman, C. U., Some Book about This and That,
    {ISBN:} 978-99-99-99-99-9},
  language = {english},
  }

